@article{saunders:1988,
    author = {M. A. Saunders and H. D. Simon and E. L. Yip}, 
    title = {Two Conjugate-Gradient-Type Methods for Unsymmetric Linear Equations},
    journal = {SIAM Journal of Numberical Analysis}, 
    volume = {25}, 
    number = {4}, 
    year = {1988}
}

@article{reichel:2008,
    author = {L. Reichel and Q. Ye}, 
    title = {A Generalized LSQR Algorithm},
    journal = {Numberical Linear Algebra with Applications}, 
    volume = {15}, 
    number = {7}, 
    year = {2008}
}

@article{davis:2011,
    author = {T. A. Davis and Y. Hu}, 
    title = {The University of Florida Sparse Matrix Collection},
    journal = {ACM Transactions on Mathematical Software}, 
    volume = {38}, 
    number = {1}, 
    year = {2011}
}
